
@misc{BAT-wp,
  author 	= "Brave Software",
  title 	= "Basic Attention Token (BAT): Blockchain Based Digital Advertising",
  year = {2017},
  publisher = {GitHub},
  journal = {GitHub repository},
  howpublished = {\url{https://github.com/brave-intl/basic-attention-token-crowdsale}},
}

@misc{ERC20,
  author = {Vogelsteller, F. and Buterin, V.},
  title = {ERC20 Standard},
  year = {2015},
  publisher = {GitHub},
  journal = {GitHub repository},
  howpublished = {\url{https://github.com/ethereum/EIPs/blob/master/EIPS/eip-20.md}},
}

@misc{BAT-contract,
  author = {Brave Software},
  title = {BAT ERC20 Token Contract},
  year = {2017},
  publisher = {GitHub},
  journal = {GitHub repository},
  howpublished = {\url{https://raw.githubusercontent.com/brave-intl/basic-attention-token-crowdsale/master/contracts/BAToken.sol}},
}

@misc{yellowpaper,
  title={Ethereum: a secure decentralised generalised transaction ledger. Ethereum Project Yellow Paper 151 (2014)},
  author={Wood, Gavin},
  year={2014}
}

@misc{brave-browser,
  author 	= "Brave Software",
  title 	= "Brave Browser",
  year = {2018},
  publisher = {GitHub},
  journal = {GitHub repository},
  howpublished = {\url{https://github.com/brave/brave-browser/releases/download/v0.56.12/brave-v0.56.12-linux-x64.zip}},
}

@misc{geth-jsonrpc,
  author = "The geth developers",
  title = "geth JSON-RPC documentation",
  year = {2018},
  publisher = {GitHub},
  journal = {GitHub repository},
  howpublished = {\url{https://github.com/ethereum/wiki/wiki/JSON-RPC}},
}

@misc{fortune-uphold,
  author = "Daniel Roberts",
  title = "This bitcoin startup is changing its name and moving away from bitcoin",
  year = {2015},
  publisher = {Fortune},
  howpublished = {\url{http://fortune.com/2015/10/14/bitreserve-bitcoin-uphold/}},
}

